<?xml version="1.0" encoding="UTF-8"?><record xmlns="http://www.loc.gov/MARC21/slim" xmlns:cinclude="http://apache.org/cocoon/include/1.0" xmlns:zs="http://www.loc.gov/zing/srw/">
  <leader>00447nz  a2200133n  4500</leader>
  <controlfield tag="001">n  81123025 </controlfield>
  <controlfield tag="003">DLC</controlfield>
  <controlfield tag="005">19840322000000.0</controlfield>
  <controlfield tag="008">811102n| acannaab|          |a aaa |||  </controlfield>
  <datafield tag="010" ind1=" " ind2=" ">
    <subfield code="a">n  81123025 </subfield>
  </datafield>
  <datafield tag="040" ind1=" " ind2=" ">
    <subfield code="a">DLC</subfield>
    <subfield code="c">DLC</subfield>
  </datafield>
  <datafield tag="100" ind1="1" ind2="0">
    <subfield code="a">Kuzovenkov, B. P.</subfield>
    <subfield code="q">(Boris Pavlovich)</subfield>
  </datafield>
  <datafield tag="400" ind1="1" ind2="0">
    <subfield code="a">Kuzovenkov, Boris Pavlovich</subfield>
  </datafield>
  <datafield tag="670" ind1=" " ind2=" ">
    <subfield code="a">Ziganchenko, P. P. Suda na podvodnykh krylʹi︠a︡kh, 1981 (a.e.)</subfield>
    <subfield code="b">t.p. (B. P. Kuzovenkov) colophon (Boris Pavlovich Kuzovenkov)</subfield>
  </datafield>
</record>